% ================= -le-adversarial-counterfactuals.tex =================
% \citebutton{Ballet (2019)}{https://arxiv.org/pdf/1911.03274.pdf}
@article{Ballet_2019,
    author = {Ballet},
    title  = {Ballet (2019)},
    year   = {2019},
    url    = {https://arxiv.org/pdf/1911.03274.pdf}
}

% ================= -le-adversarial.tex =================
% \citebutton{Gong \& Poellabauer 2018}{https://arxiv.org/pdf/1803.09156.pdf}
@article{Poellabauer_2018,
    author = {Poellabauer},
    title  = {Gong \& Poellabauer 2018},
    year   = {2018},
    url    = {https://arxiv.org/pdf/1803.09156.pdf}
}

% \citebutton{Eykholt et al. (2018)}{https://arxiv.org/pdf/1807.07769.pdf}
@article{Eykholt_2018,
    author = {Eykholt},
    title  = {Eykholt et al. (2018)},
    year   = {2018},
    url    = {https://arxiv.org/pdf/1807.07769.pdf}
}

% \citebutton{Athalye et al. (2018)}{https://arxiv.org/pdf/1707.07397.pdf}
@article{Athalye_2018,
    author = {Athalye},
    title  = {Athalye et al. (2018)},
    year   = {2018},
    url    = {https://arxiv.org/pdf/1707.07397.pdf}
}

% \citebutton{MITCSAIL
    (2017)}{https://www.youtube.com/watch?v=piYnd_wYlT8}
@article{MITCSAIL_2017,
    author = {MITCSAIL},
    title  = {MITCSAIL
    (2017)},
    year   = {2017},
    url    = {https://www.youtube.com/watch?v=piYnd_wYlT8}
}

% \citebutton{Szegedy et al. (2013)}{https://arxiv.org/abs/1312.6199}
@article{Szegedy_2013,
    author = {Szegedy},
    title  = {Szegedy et al. (2013)},
    year   = {2013},
    url    = {https://arxiv.org/abs/1312.6199}
}

% \citebutton{Goodfellow et al. (2014)}{https://arxiv.org/abs/1412.6572}
@article{Goodfellow_2014,
    author = {Goodfellow},
    title  = {Goodfellow et al. (2014)},
    year   = {2014},
    url    = {https://arxiv.org/abs/1412.6572}
}

% \citebutton{Tanay and Griffin (2016)}{https://arxiv.org/abs/1608.07690}
@article{Griffin_2016,
    author = {Griffin},
    title  = {Tanay and Griffin (2016)},
    year   = {2016},
    url    = {https://arxiv.org/abs/1608.07690}
}

% \citebutton{Kim et al. (2019)}{https://arxiv.org/abs/1903.11626}
@article{Kim_2019,
    author = {Kim},
    title  = {Kim et al. (2019)},
    year   = {2019},
    url    = {https://arxiv.org/abs/1903.11626}
}

% \citebutton{Ilyas et al. (2019)}{https://papers.nips.cc/paper/2019/hash/e2c420d928d4bf8ce0ff2ec19b371514-Abstract.html}
@article{Ilyas_2019,
    author = {Ilyas},
    title  = {Ilyas et al. (2019)},
    year   = {2019},
    url    = {https://papers.nips.cc/paper/2019/hash/e2c420d928d4bf8ce0ff2ec19b371514-Abstract.html}
}

% \citebutton{Goodfellow et al. (2015)}{https://arxiv.org/pdf/1412.6572.pdf}
@article{Goodfellow_2015,
    author = {Goodfellow},
    title  = {Goodfellow et al. (2015)},
    year   = {2015},
    url    = {https://arxiv.org/pdf/1412.6572.pdf}
}

% \citebutton{Lyu et al. 2015}{https://arxiv.org/abs/1511.06385}
@article{Lyu_2015,
    author = {Lyu},
    title  = {Lyu et al. 2015},
    year   = {2015},
    url    = {https://arxiv.org/abs/1511.06385}
}

% \citebutton{Papernot et al. (2016)}{https://arxiv.org/abs/1605.07277}
@article{Papernot_2016,
    author = {Papernot},
    title  = {Papernot et al. (2016)},
    year   = {2016},
    url    = {https://arxiv.org/abs/1605.07277}
}

% \citebutton{Goodfellow et al. (2017)}{https://openai.com/blog/adversarial-example-research/}
@article{Goodfellow_2017,
    author = {Goodfellow},
    title  = {Goodfellow et al. (2017)},
    year   = {2017},
    url    = {https://openai.com/blog/adversarial-example-research/}
}

% ================= -le-counterfactuals-methods.tex =================
% \citebutton{Wachter et. al (2018)}{http://dx.doi.org/10.2139/ssrn.3063289}
@article{Wachter_2018,
    author = {Wachter},
    title  = {Wachter et. al (2018)},
    year   = {2018},
    url    = {http://dx.doi.org/10.2139/ssrn.3063289}
}

% \citebutton{Dandl et al. (2020)}{https://arxiv.org/abs/2004.11165}
@article{Dandl_2020,
    author = {Dandl},
    title  = {Dandl et al. (2020)},
    year   = {2020},
    url    = {https://arxiv.org/abs/2004.11165}
}

% ================= -le-counterfactuals.tex =================
% \citebutton{Lewis (1973)}{https://doi.org/10.2307/2273738}
@article{Lewis_1973,
    author = {Lewis},
    title  = {Lewis (1973)},
    year   = {1973},
    url    = {https://doi.org/10.2307/2273738}
}

% \citebutton{Verma et al. (2020)}{https://arxiv.org/abs/2010.10596}
@article{Verma_2020,
    author = {Verma},
    title  = {Verma et al. (2020)},
    year   = {2020},
    url    = {https://arxiv.org/abs/2010.10596}
}

% \citebutton{Karimi et al. (2020)}{https://arxiv.org/abs/2002.06278}
@article{Karimi_2020,
    author = {Karimi},
    title  = {Karimi et al. (2020)},
    year   = {2020},
    url    = {https://arxiv.org/abs/2002.06278}
}

% ================= -le-intro.tex =================
% \citebutton{see Kaggle}{https://www.kaggle.com/uciml/german-credit}
@article{Kaggle,
    author = {Kaggle},
    title  = {see Kaggle},
    year   = {},
    url    = {https://www.kaggle.com/uciml/german-credit}
}

% ================= -le-lime-examples.tex =================
% \citebutton{Shen, Ian, (2019)}{https://medium.com/just-another-data-scientist/explain-sentiment-prediction-with-lime-f90ae83da2da}
@article{Ian_2019,
    author = {Ian},
    title  = {Shen, Ian, (2019)},
    year   = {2019},
    url    = {https://medium.com/just-another-data-scientist/explain-sentiment-prediction-with-lime-f90ae83da2da}
}

% \citebutton{Achanta et al. 2012}{https://ieeexplore.ieee.org/document/6205760}
@article{Achanta_2012,
    author = {Achanta},
    title  = {Achanta et al. 2012},
    year   = {2012},
    url    = {https://ieeexplore.ieee.org/document/6205760}
}

% \citebutton{Ribeiro. 2016}{https://github.com/marcotcr/lime}
@article{Ribeiro_2016,
    author = {Ribeiro},
    title  = {Ribeiro. 2016},
    year   = {2016},
    url    = {https://github.com/marcotcr/lime}
}

% ================= -le-lime-pitfalls.tex =================
% \citebutton{Kopper et al. 2019}{https://slds-lmu.github.io/iml_methods_limitations/}
@article{Kopper_2019,
    author = {Kopper},
    title  = {Kopper et al. 2019},
    year   = {2019},
    url    = {https://slds-lmu.github.io/iml_methods_limitations/}
}

% \citebutton{Laugel et al. 2018}{https://arxiv.org/pdf/1806.07498.pdf}
@article{Laugel_2018,
    author = {Laugel},
    title  = {Laugel et al. 2018},
    year   = {2018},
    url    = {https://arxiv.org/pdf/1806.07498.pdf}
}

% \citebutton{Slack et al. 2020}{https://arxiv.org/abs/1911.02508}
@article{Slack_2020,
    author = {Slack},
    title  = {Slack et al. 2020},
    year   = {2020},
    url    = {https://arxiv.org/abs/1911.02508}
}

% \citebutton{Vres, Sikonja (2021)}{https://arxiv.org/abs/2101.11702}
@article{Sikonja_2021,
    author = {Sikonja},
    title  = {Vres, Sikonja (2021)},
    year   = {2021},
    url    = {https://arxiv.org/abs/2101.11702}
}

% \citebutton{Alvarez-Melis, D., \& Jaakkola, T. 2018}{https://arxiv.org/abs/1806.08049}
@article{Jaakkola_2018,
    author = {Jaakkola},
    title  = {Alvarez-Melis, D., \& Jaakkola, T. 2018},
    year   = {2018},
    url    = {https://arxiv.org/abs/1806.08049}
}

% ================= -le-trust.tex =================
% \citebutton{Martin Ester et al. 1996}{https://www.aaai.org/Papers/KDD/1996/KDD96-037.pdf}
@article{Ester_1996,
    author = {Ester},
    title  = {Martin Ester et al. 1996},
    year   = {1996},
    url    = {https://www.aaai.org/Papers/KDD/1996/KDD96-037.pdf}
}
