% 01 - 01 - Intro
@article{GOODMANFLAXMAN2017,
  title={Goodman and Flaxman},
  year={2017},
  url={https://doi.org/10.1609/aimag.v38i3.2741}
}
@article{EUROPEANCOMMISSION2019,
    title={European Commission},
    year={2019},
    url={https://doi.org/10.2759/346720}
}

% Society of Actuaries}{https://www.soa.org/resources/research-reports/2021/interpretable-machine-learning/}
@article{SOCIETYOFACTUARIES2021,
  title={Society of Actuaries},
  year={2021},
  url={https://www.soa.org/resources/research-reports/2021/interpretable-machine-learning/}
}

% \citebutton{Miliard (2020)}{https://www.healthcareitnews.com/news/new-ai-diagnostic-tool-knows-when-defer-human-mit-researchers-say}}
@article{MILIARD2020,
  title={Miliard},
  year={2020},
  url={https://www.healthcareitnews.com/news/new-ai-diagnostic-tool-knows-when-defer-human-mit-researchers-say}
}

% Carl Friedrich Gauss \sourceref{https://commons.wikimedia.org/w/index.php?curid=2404149}
@article{GAUSS1828,
  title={Carl Friedrich Gauss},
  year={1828},
  url={https://commons.wikimedia.org/w/index.php?curid=2404149}
}

% \sourceref{https://en.wikipedia.org/wiki/Carl_Friedrich_Gauss}
@article{WIKIPEDIAGAUSS,
  title={Wikipedia},
  year={1777}, 
  url={https://en.wikipedia.org/wiki/Carl_Friedrich_Gauss}
}

% 01 - 02 - Goals
@article{ADADIBERRADA2018,
  title={Adadi and Berrada},
  year={2018},
  url={https://doi.org/10.1109/ACCESS.2018.2870052}
}
@article{LARSON2016,
  title={Larson et al.},
  year={2016},
  url={https://www.propublica.org/article/how-we-analyzed-the-compas-recidivism-algorithm}
}
@article{ALVAREZMELISJAAKKOLA2018,
  title={Alvarez-Melis and Jaakkola},
  year={2018},
  url={https://arxiv.org/pdf/1806.08049.pdf}
}
% 01 - 05 - Interactions
@article{FRIEDMANPOPESCU2018,
  title={Friedman and Popescu},
  year={2008},
  url={https://doi.org/10.1214/07-AOAS148}
}