% \href{https://arxiv.org/abs/1912.05651}{Daxberger et al. 2020}
@article{Daxberger_2020,
    title  = {Daxberger et al.},
    year   = {2020},
    url    = {https://arxiv.org/abs/1912.05651}
}


% ================= 02-le-adversarial.tex =================
% \citebutton{Gong \& Poellabauer 2018}{https://arxiv.org/pdf/1803.09156.pdf}
@article{Poellabauer_2018,
    title  = {Gong \& Poellabauer},
    year   = {2018},
    url    = {https://arxiv.org/pdf/1803.09156.pdf}
}

% \citebutton{Eykholt et al. (2018)}{https://arxiv.org/pdf/1807.07769.pdf}
@article{Eykholt_2018,
    title  = {Eykholt et al.},
    year   = {2018},
    url    = {https://arxiv.org/pdf/1807.07769.pdf}
}

% \citebutton{Athalye et al. (2018)}{https://arxiv.org/pdf/1707.07397.pdf}
@article{Athalye_2018,
    title  = {Athalye et al.},
    year   = {2018},
    url    = {https://arxiv.org/pdf/1707.07397.pdf}
}

% \citebutton{MITCSAIL(2017)}{https://www.youtube.com/watch?v=piYnd_wYlT8}
@article{MITCSAIL_2017,
    title  = {MITCSAIL},
    year   = {2017},
    url    = {https://www.youtube.com/watch?v=piYnd_wYlT8}
}

% \citebutton{Ballet (2019)}{https://arxiv.org/pdf/1911.03274.pdf}
@article{Ballet_2019,
    title  = {Ballet},
    year   = {2019},
    url    = {https://arxiv.org/pdf/1911.03274.pdf}
}

% \citebutton{Szegedy et al. (2013)}{https://arxiv.org/abs/1312.6199}
@article{Szegedy_2013,
    title  = {Szegedy et al.},
    year   = {2013},
    url    = {https://arxiv.org/abs/1312.6199}
}

% \citebutton{Goodfellow et al. (2014)}{https://arxiv.org/abs/1412.6572}
@article{Goodfellow_2014,
    title  = {Goodfellow et al.},
    year   = {2014},
    url    = {https://arxiv.org/abs/1412.6572}
}

% \citebutton{Tanay and Griffin (2016)}{https://arxiv.org/abs/1608.07690}
@article{Griffin_2016,
    title  = {Tanay and Griffin},
    year   = {2016},
    url    = {https://arxiv.org/abs/1608.07690}
}

% \citebutton{Kim et al. (2019)}{https://arxiv.org/abs/1903.11626}
@article{Kim_2019,
    title  = {Kim et al.},
    year   = {2019},
    url    = {https://arxiv.org/abs/1903.11626}
}

% \citebutton{Ilyas et al. (2019)}{https://papers.nips.cc/paper/2019/hash/e2c420d928d4bf8ce0ff2ec19b371514-Abstract.html}
@article{Ilyas_2019,
    title  = {Ilyas et al.},
    year   = {2019},
    url    = {https://papers.nips.cc/paper/2019/hash/e2c420d928d4bf8ce0ff2ec19b371514-Abstract.html}
}

% \citebutton{Goodfellow et al. (2015)}{https://arxiv.org/pdf/1412.6572.pdf}
@article{Goodfellow_2015,
    title  = {Goodfellow et al.},
    year   = {2015},
    url    = {https://arxiv.org/pdf/1412.6572.pdf}
}

% \citebutton{Lyu et al. 2015}{https://arxiv.org/abs/1511.06385}
@article{Lyu_2015,
    title  = {Lyu et al.},
    year   = {2015},
    url    = {https://arxiv.org/abs/1511.06385}
}

% \citebutton{Papernot et al. (2016)}{https://arxiv.org/abs/1605.07277}
@article{Papernot_2016,
    title  = {Papernot et al.},
    year   = {2016},
    url    = {https://arxiv.org/abs/1605.07277}
}

% \citebutton{Goodfellow et al. (2017)}{https://openai.com/blog/adversarial-example-research/}
@article{Goodfellow_2017,
    title  = {Goodfellow et al.},
    year   = {2017},
    url    = {https://openai.com/blog/adversarial-example-research/}
}

% ================= 06-le-counterfactuals-intro.tex =================
% \citebutton{Lewis (1973)}{https://doi.org/10.2307/2273738}
@article{Lewis_1973,
    title  = {Lewis},
    year   = {1973},
    url    = {https://doi.org/10.2307/2273738}
}

% ================= 07-le-counterfactuals-optim.tex =================
% \citebutton{Dandl et al. (2020)}{https://arxiv.org/abs/2004.11165}
@article{Dandl_2020,
    title  = {Dandl et al.},
    year   = {2020},
    url    = {https://arxiv.org/abs/2004.11165}
}

% \citebutton{Verma et al. (2020)}{https://arxiv.org/abs/2010.10596}
@article{Verma_2020,
    title  = {Verma et al.},
    year   = {2020},
    url    = {https://arxiv.org/abs/2010.10596}
}

% \citebutton{Karimi et al. (2020)}{https://arxiv.org/abs/2002.06278}
@article{Karimi_2020,
    title  = {Karimi et al.},
    year   = {2020},
    url    = {https://arxiv.org/abs/2002.06278}
}

% ================= 08-le-counterfactuals-methods.tex =================
% \citebutton{Wachter et. al (2018)}{http://dx.doi.org/10.2139/ssrn.3063289}
@article{Wachter_2018,
    title  = {Wachter et. al},
    year   = {2018},
    url    = {http://dx.doi.org/10.2139/ssrn.3063289}
}

% ================= 09-le-trust.tex =================
% \citebutton{Dylan Slack et al. 2020}{https://arxiv.org/abs/1911.02508}
@article{Slack_2020,
    title  = {Dylan Slack et al.},
    year   = {2020},
    url    = {https://arxiv.org/abs/1911.02508}
}

% \citebutton{Martin Ester et al. 1996}{https://www.aaai.org/Papers/KDD/1996/KDD96-037.pdf}
@article{Ester_1996,
    title  = {Martin Ester et al.},
    year   = {1996},
    url    = {https://www.aaai.org/Papers/KDD/1996/KDD96-037.pdf}
}

% \citebutton{Alvarez-Melis and Jaakkola 2018}{https://arxiv.org/abs/1806.08049}
@article{Jaakkola_2018,
    title  = {Alvarez-Melis and Jaakkola},
    year   = {2018},
    url    = {https://arxiv.org/abs/1806.08049}
}
