% ================= 01-le-intro.tex =================
% \citebutton{Recital 71, GDPR, 2016}{https://gdpr-text.com/read/recital-71}
@article{GDPR_2016,
    title  = {Recital 71, GDPR},
    year   = {2016},
    url    = {https://gdpr-text.com/read/recital-71}
}

% \citebutton{Art. 86, AI Act, 2021}{https://www.artificial-intelligence-act.com/Artificial_Intelligence_Act_Article_86.html}
@article{Act_2021,
    title  = {Art. 86, AI Act},
    year   = {2021},
    url    = {https://www.artificial-intelligence-act.com/Artificial_Intelligence_Act_Article_86.html}
}

% \citebutton{see Kaggle}{https://www.kaggle.com/uciml/german-credit}
@article{Kaggle,
    title  = {see Kaggle},
    year   = {},
    url    = {https://www.kaggle.com/uciml/german-credit}
}

% ================= 04-le-lime.tex =================
% \citebutton{Ribeiro. 2016}{https://github.com/marcotcr/lime}
@article{Ribeiro_2016,
    title  = {Ribeiro.},
    year   = {2016},
    url    = {https://github.com/marcotcr/lime}
}

% ================= 05-le-lime-examples.tex =================
% \citebutton{Shen, Ian, (2019)}{https://medium.com/just-another-data-scientist/explain-sentiment-prediction-with-lime-f90ae83da2da}
@article{Ian_2019,
    title  = {Shen, Ian,},
    year   = {2019},
    url    = {https://medium.com/just-another-data-scientist/explain-sentiment-prediction-with-lime-f90ae83da2da}
}

% \citebutton{Achanta et al. 2012}{https://ieeexplore.ieee.org/document/6205760}
@article{Achanta_2012,
    title  = {Achanta et al.},
    year   = {2012},
    url    = {https://ieeexplore.ieee.org/document/6205760}
}

% ================= 06-le-lime-pitfalls.tex =================
% \citebutton{Kopper et al. 2019}{https://slds-lmu.github.io/iml_methods_limitations/}
@article{Kopper_2019,
    title  = {Kopper et al.},
    year   = {2019},
    url    = {https://slds-lmu.github.io/iml_methods_limitations/}
}

% \citebutton{lime package}{https://goodekat.github.io/LIME-research-journals/journals/02-understanding_lime/02-understanding_lime.html}
@article{lime_pac,
    title  = {lime package},
    year   = {},
    url    = {https://goodekat.github.io/LIME-research-journals/journals/02-understanding_lime/02-understanding_lime.html}
}

% \citebutton{Gaudel et al. 2022}{https://arxiv.org/abs/2208.01510}
@article{Gaudel_2022,
    title  = {Gaudel et al.},
    year   = {2022},
    url    = {https://arxiv.org/abs/2208.01510}
}

% \citebutton{Laugel et al. 2018}{https://arxiv.org/pdf/1806.07498.pdf}
@article{Laugel_2018,
    title  = {Laugel et al.},
    year   = {2018},
    url    = {https://arxiv.org/pdf/1806.07498.pdf}
}

% \citebutton{Slack et al. 2020}{https://arxiv.org/abs/1911.02508}
@article{Slack_2020,
    title  = {Slack et al.},
    year   = {2020},
    url    = {https://arxiv.org/abs/1911.02508}
}

% \citebutton{Vres, Sikonja (2021)}{https://arxiv.org/abs/2101.11702}
@article{Sikonja_2021,
    title  = {Vres, Sikonja},
    year   = {2021},
    url    = {https://arxiv.org/abs/2101.11702}
}

% \citebutton{Alvarez-Melis, D., \& Jaakkola, T. 2018}{https://arxiv.org/abs/1806.08049}
@article{Jaakkola_2018,
    title  = {Alvarez-Melis, D., \& Jaakkola, T.},
    year   = {2018},
    url    = {https://arxiv.org/abs/1806.08049}
}
