% ================= 01-fi-intro.tex =================
% \citebutton{Greenwell et al. (2020)}{https://doi.org/10.32614/RJ-2020-013}
@article{Greenwell_2020,
    title  = {Greenwell et al.},
    year   = {2020},
    url    = {https://doi.org/10.32614/RJ-2020-013}
}

% \citebutton{Ewald et al. 2024}{https://link.springer.com/chapter/10.1007/978-3-031-63797-1_22}
@article{Ewald_2024,
    title  = {Ewald et al.},
    year   = {2024},
    url    = {https://link.springer.com/chapter/10.1007/978-3-031-63797-1_22}
}

% \citebutton{Pellet (2008)}{https://www.jmlr.org/papers/volume9/pellet08a/pellet08a.pdf}
@article{Pellet_2008,
    title  = {Pellet},
    year   = {2008},
    url    = {https://www.jmlr.org/papers/volume9/pellet08a/pellet08a.pdf}
}

% ================= 02-fi-pfi.tex =================
% \citebutton{Breiman (2001)}{https://doi.org/10.1023/A:1010933404324}
@article{Breiman_2001,
    title  = {Breiman},
    year   = {2001},
    url    = {https://doi.org/10.1023/A:1010933404324}
}

% \citebutton{Altmann et al. (2010)}{https://doi.org/10.1093/bioinformatics/btq134}
@article{Altmann_2010,
    title  = {Altmann et al.},
    year   = {2010},
    url    = {https://doi.org/10.1093/bioinformatics/btq134}
}

% \citebutton{Romano et al. (2010)}{https://doi.org/10.1057/978-1-349-95121-5_2914-1}
@article{Romano_2010,
    title  = {Romano et al.},
    year   = {2010},
    url    = {https://doi.org/10.1057/978-1-349-95121-5_2914-1}
}

% ================= 03-fi-cfi.tex =================
% \citebutton{Molnar et. al (2020)}{https://arxiv.org/abs/2006.04628}
@article{Molnar_2020,
    title  = {Molnar et. al},
    year   = {2020},
    url    = {https://arxiv.org/abs/2006.04628}
}

% \citebutton{Strobl et al. (2008)}{https://doi.org/10.1186/1471-2105-9-307}
@article{Strobl_2008,
    title  = {Strobl et al.},
    year   = {2008},
    url    = {https://doi.org/10.1186/1471-2105-9-307}
}

% \citebutton{Hooker et al. (2021)}{https://arxiv.org/abs/1905.03151}
@article{Hooker_2021,
    title  = {Hooker et al.},
    year   = {2021},
    url    = {https://arxiv.org/abs/1905.03151}
}

% \citebutton{König et al. (2020)}{https://arxiv.org/abs/2007.08283}
@article{K_nig_et_2020,
    title  = {König et al.},
    year   = {2020},
    url    = {https://arxiv.org/abs/2007.08283}
}

% ================= 04-fi-sage.tex =================
% \citebutton{Covert et al. (2020)}{https://proceedings.neurips.cc/paper/2020/file/c7bf0b7c1a86d5eb3be2c722cf2cf746-Paper.pdf}
@article{Covert_2020,
    title  = {Covert et al.},
    year   = {2020},
    url    = {https://proceedings.neurips.cc/paper/2020/file/c7bf0b7c1a86d5eb3be2c722cf2cf746-Paper.pdf}
}

% \citebutton{Casalicchio et al. (2018)}{https://arxiv.org/abs/1804.06620}
@article{Casalicchio_2018,
    title  = {Casalicchio et al.},
    year   = {2018},
    url    = {https://arxiv.org/abs/1804.06620}
}

% \citebutton{Cohen et al. (2007)}{https://doi.org/10.1162/neco.2007.19.7.1939}
@article{Cohen_2007,
    title  = {Cohen et al.},
    year   = {2007},
    url    = {https://doi.org/10.1162/neco.2007.19.7.1939}
}

% ================= 05-fi-loco.tex =================
% \citebutton{Lei et al. (2018)}{https://arxiv.org/abs/1604.04173}
@article{Lei_2018,
    title  = {Lei et al.},
    year   = {2018},
    url    = {https://arxiv.org/abs/1604.04173}
}

% \citebutton{Tibshirani (2018)}{http://www.stat.cmu.edu/~ryantibs/talks/loco-2018.pdf}
@article{Tibshirani_2018,
    title  = {Tibshirani},
    year   = {2018},
    url    = {http://www.stat.cmu.edu/~ryantibs/talks/loco-2018.pdf}
}
