% ================= 01-shapley-game-theory.tex =================
% \citebutton{Shapley (1951)}{https://www.rand.org/pubs/research_memoranda/RM0670.html}
@article{SHAPLEY1951,
    title  = {Shapley},
    year   = {1951},
    url    = {https://www.rand.org/pubs/research_memoranda/RM0670.html}
}

% ================= 03-shap.tex =================
% \citebutton{Lundberg et al. 2017}{https://doi.org/10.48550/arXiv.1705.07874}
@article{LUNDBERG2017,
    title  = {Lundberg et al.},
    year   = {2017},
    url    = {https://doi.org/10.48550/arXiv.1705.07874}
}

% ================= 06-resources-and-software.tex =================
% \citebutton{Shapley 1953}{https://doi.org/10.1515/9781400881970-018}
@article{SHAPLEY1953,
    title  = {Shapley},
    year   = {1953},
    url    = {https://doi.org/10.1515/9781400881970-018}
}

% \citebutton{Molnar 2025}{https://christophm.github.io/interpretable-ml-book/shapley.html}
@article{MOLNAR2025,
    title  = {Molnar},
    year   = {2025},
    url    = {https://christophm.github.io/interpretable-ml-book/shapley.html}
}

% \citebutton{iml}{https://github.com/giuseppec/iml}
@article{IML,
    title  = {iml},
    year   = {},
    url    = {https://github.com/giuseppec/iml}
}

% \citebutton{fastshap}{https://github.com/bgreenwell/fastshap}
@article{FASTSHAP,
    title  = {fastshap},
    year   = {},
    url    = {https://github.com/bgreenwell/fastshap}
}

% \citebutton{Lundberg et al. 2018}{https://doi.org/10.48550/arXiv.1802.03888}
@article{LUNDBERG2018,
    title  = {Lundberg et al.},
    year   = {2018},
    url    = {https://doi.org/10.48550/arXiv.1802.03888}
}

% \citebutton{shapper}{https://modeloriented.github.io/shapper/}
@article{SHAPPER,
    title  = {shapper},
    year   = {},
    url    = {https://modeloriented.github.io/shapper/}
}

% \citebutton{shap}{https://github.com/slundberg/shap}
@article{SHAP,
    title  = {shap},
    year   = {},
    url    = {https://github.com/slundberg/shap}
}

% ================= 04-kernel-shap.tex =================
% \citebutton{see shapley\_kernel\_proof.pdf}{https://proceedings.neurips.cc/paper/2017/file/8a20a8621978632d76c43dfd28b67767-Supplemental.zip}
@article{SEESHAP2017,
    title  = {see shapley\_kernel\_proof.pdf},
    year   = {2017},
    url    = {https://proceedings.neurips.cc/paper/2017/file/8a20a8621978632d76c43dfd28b67767-Supplemental.zip}
}

% ================= 02-shapley-ml.tex =================
% \citebutton{Strumbelj et al. (2014)}{https://doi.org/10.1007/s10115-013-0679-x}
@article{STRUMBELJ2014,
    title  = {Strumbelj et al.},
    year   = {2014},
    url    = {https://doi.org/10.1007/s10115-013-0679-x}
}

% ================= 05-shap-global.tex =================
% \citebutton{Sukumar: TreeSHAP}{https://medium.com/analytics-vidhya/shap-part-3-tree-shap-3af9bcd7cd9b}
@article{SUKUMAR,
    title  = {Sukumar: TreeSHAP},
    year   = {},
    url    = {https://medium.com/analytics-vidhya/shap-part-3-tree-shap-3af9bcd7cd9b}
}

% \citebutton{SHAP image examples}{https://github.com/shap/shap/tree/master/notebooks/image_examples}
@article{SHAP,
    title  = {SHAP image examples},
    year   = {},
    url    = {https://github.com/shap/shap/tree/master/notebooks/image_examples}
}

% \citebutton{Slack et al. 2020}{https://doi.org/10.1145/3375627.3375830}
@article{SLACK2020,
    title  = {Slack et al.},
    year   = {2020},
    url    = {https://doi.org/10.1145/3375627.3375830}
}
