% ================= 07-fe-marginal-effects.tex =================
% \citebutton{Bartus, 2005}{https://doi.org/10.1177/1536867X0500500303}
@article{Bartus_2005,
    title  = {Bartus},
    year   = {2005},
    url    = {https://doi.org/10.1177/1536867X0500500303}
}

% \citebutton{Scholbeck, 2024}{https://link.springer.com/article/10.1007/s10618-023-00993-x}
@article{Scholbeck_2024,
    title  = {Scholbeck},
    year   = {2024},
    url    = {https://link.springer.com/article/10.1007/s10618-023-00993-x}
}

% ================= 06-fe-ale.tex =================
% \citebutton{Apley, Zhu (2020)}{https://arxiv.org/abs/1612.08468}
@article{Apley_Zhu_2020,
    title  = {Apley, Zhu},
    year   = {2020},
    url    = {https://arxiv.org/abs/1612.08468}
}

% ================= 04-fe-pdp-comments.tex =================
% \citebutton{Goldstein et al. (2015)}{https://doi.org/10.1080/10618600.2014.907095}
@article{Goldstein_2015,
    title  = {Goldstein et al.},
    year   = {2015},
    url    = {https://doi.org/10.1080/10618600.2014.907095}
}

% ================= 02-fe-ice.tex =================
% \citebutton{Goldstein et. al (2013)}{https://doi.org/10.1080/10618600.2014.907095}
@article{Goldstein_2013,
    title  = {Goldstein et. al},
    year   = {2013},
    url    = {https://doi.org/10.1080/10618600.2014.907095}
}

% ================= 03-fe-pdp.tex =================
% \citebutton{Friedman (2001)}{https://www.jstor.org/stable/2699986}
@article{Friedman_2001,
    title  = {Friedman},
    year   = {2001},
    url    = {https://www.jstor.org/stable/2699986}
}

% ================= 08-resources-and-software.tex =================
% \citebutton{Molnar 2025}{https://christophm.github.io/interpretable-ml-book/ice.html}
@article{Molnar_2025,
    title  = {Molnar},
    year   = {2025},
    url    = {https://christophm.github.io/interpretable-ml-book/ice.html}
}

% \citebutton{iml}{https://github.com/giuseppec/iml}
@article{iml,
    title  = {iml},
    year   = {},
    url    = {https://github.com/giuseppec/iml}
}

% \citebutton{pdp}{https://github.com/bgreenwell/pdp}
@article{pdp,
    title  = {pdp},
    year   = {},
    url    = {https://github.com/bgreenwell/pdp}
}

% \citebutton{ICEbox}{https://github.com/kapelner/ICEbox}
@article{ICEbox,
    title  = {ICEbox},
    year   = {},
    url    = {https://github.com/kapelner/ICEbox}
}

% \citebutton{PiML}{https://selfexplainml.github.io/PiML-Toolbox/_build/html/index.html}
@article{PiML,
    title  = {PiML},
    year   = {},
    url    = {https://selfexplainml.github.io/PiML-Toolbox/_build/html/index.html}
}

% \citebutton{sklearn}{https://scikit-learn.org/stable/modules/partial_dependence.html}
@article{sklearn,
    title  = {sklearn},
    year   = {},
    url    = {https://scikit-learn.org/stable/modules/partial_dependence.html}
}

% \citebutton{DALEX}{https://github.com/ModelOriented/DALEX}
@article{DALEX,
    title  = {DALEX},
    year   = {},
    url    = {https://github.com/ModelOriented/DALEX}
}

% \citebutton{effector}{https://github.com/givasile/effector}
@article{effector,
    title  = {effector},
    year   = {},
    url    = {https://github.com/givasile/effector}
}

% \citebutton{PDPbox}{https://github.com/SauceCat/PDPbox}
@article{PDPbox,
    title  = {PDPbox},
    year   = {},
    url    = {https://github.com/SauceCat/PDPbox}
}

% \citebutton{Apley et al. 2020}{https://doi.org/10.1111/rssb.12377}
@article{Apley_2020,
    title  = {Apley et al.},
    year   = {2020},
    url    = {https://doi.org/10.1111/rssb.12377}
}

% \citebutton{ALEPlot}{https://cran.r-project.org/web/packages/ALEPlot/index.html}
@article{ALEPlot,
    title  = {ALEPlot},
    year   = {},
    url    = {https://cran.r-project.org/web/packages/ALEPlot/index.html}
}

% \citebutton{ALEPython}{https://github.com/blent-ai/ALEPython}
@article{ALEPython,
    title  = {ALEPython},
    year   = {},
    url    = {https://github.com/blent-ai/ALEPython}
}

% \citebutton{Alibi}{https://docs.seldon.io/projects/alibi/en/stable/index.html}
@article{Alibi,
    title  = {Alibi},
    year   = {},
    url    = {https://docs.seldon.io/projects/alibi/en/stable/index.html}
}

% \citebutton{Herbinger et al. (2022)}{https://proceedings.mlr.press/v151/herbinger22a.html}
@article{Herbinger_2022,
    title  = {Herbinger et al.},
    year   = {2022},
    url    = {https://proceedings.mlr.press/v151/herbinger22a.html}
}

% \citebutton{repid}{https://github.com/JuliaHerbinger/repid}
@article{repid,
    title  = {repid},
    year   = {},
    url    = {https://github.com/JuliaHerbinger/repid}
}
