% ================= 06-im-gam-boosting.tex =================
% \citebutton{Hastie and Tibshirani (1986)}{https://www.jstor.org/stable/2245459}
@article{Tibshirani_1986,
    title  = {Hastie and Tibshirani},
    year   = {1986},
    url    = {https://www.jstor.org/stable/2245459}
}

% \citebutton{Bühlmann, Yu 2003}{https://doi.org/10.1198/016214503000125}
@article{Bühlmann_Yu_2003,
    title  = {Bühlmann, Yu},
    year   = {2003},
    url    = {https://doi.org/10.1198/016214503000125}
}

% \citebutton{Bühlmann, Hothorn 2008}{https://arxiv.org/abs/0804.2752}
@article{Bühlmann_Hothorn_2008,
    title  = {Bühlmann, Hothorn},
    year   = {2008},
    url    = {https://arxiv.org/abs/0804.2752}
}

% \citebutton{Daniel Schalk et al. 2018}{https://doi.org/10.21105/joss.00967}
@article{Schalk_et_al_2018,
    title  = {Daniel Schalk et al.},
    year   = {2018},
    url    = {https://doi.org/10.21105/joss.00967}
}

% \citebutton{Breiman et al. (1984)}{https://doi.org/10.1201/9781315139470}
@article{Breiman_et_al_1984,
    title  = {Breiman et al.},
    year   = {1984},
    url    = {https://doi.org/10.1201/9781315139470}
}

% \citebutton{Friedman and Popescu 2008}{https://arxiv.org/abs/0811.1679}
@article{Friedman_Popescu_2008,
    title  = {Friedman and Popescu},
    year   = {2008},
    url    = {https://arxiv.org/abs/0811.1679}
}

% \citebutton{Holte 1993}{https://doi.org/10.1023/A:1022631118932}
@article{Holte_1993,
    title  = {Holte},
    year   = {1993},
    url    = {https://doi.org/10.1023/A:1022631118932}
}

% \citebutton{Zhang 2004}{https://www.aaai.org/Papers/FLAIRS/2004/Flairs04-097.pdf}
@article{Zhang_2004,
    title  = {Zhang},
    year   = {2004},
    url    = {https://www.aaai.org/Papers/FLAIRS/2004/Flairs04-097.pdf}
}

% \citebutton{Cover 1967}{https://doi.org/10.1109/TIT.1967.1053964}
@article{Cover_1967,
    title  = {Cover},
    year   = {1967},
    url    = {https://doi.org/10.1109/TIT.1967.1053964}
}

% \citebutton{Molnar 2022}{https://christophm.github.io/interpretable-ml-book/}
@article{Molnar_2022,
    title  = {Molnar},
    year   = {2022},
    url    = {https://christophm.github.io/interpretable-ml-book/}
}

% \citebutton{José 2018}{https://towardsdatascience.com/knn-k-nearest-neighbors-1-a4707b24bd1d}
@article{Jos_2018,
    title  = {José},
    year   = {2018},
    url    = {https://towardsdatascience.com/knn-k-nearest-neighbors-1-a4707b24bd1d}
}

% ================= 07-im-ebm.tex =================
% \citebutton{Lou et al. 2012}{https://www.cs.cornell.edu/~yinlou/papers/lou-kdd12.pdf}
@article{Lou_2012,
    title  = {Lou et al.},
    year   = {2012},
    url    = {https://www.cs.cornell.edu/~yinlou/papers/lou-kdd12.pdf}
}

% \citebutton{Lou et al. 2013}{https://www.cs.cornell.edu/~yinlou/papers/lou-kdd13.pdf}
@article{Lou_2013,
    title  = {Lou et al.},
    year   = {2013},
    url    = {https://www.cs.cornell.edu/~yinlou/papers/lou-kdd13.pdf}
}

% \citebutton{Bühlmann, 2003}{https://doi.org/10.1198/016214503000125}
@article{Bühlmann_2003,
    title  = {Bühlmann},
    year   = {2003},
    url    = {https://doi.org/10.1198/016214503000125}
}

% \citebutton{Bühlmann, 2008}{https://arxiv.org/abs/0804.2752}
@article{Bühlmann_2008,
    title  = {Bühlmann},
    year   = {2008},
    url    = {https://arxiv.org/abs/0804.2752}
}

% \citebutton{B\"uhlmann \& Hothorn 2007}{https://doi.org/10.1214/07-STS242}
@article{Bühlmann_Hothorn_2007,
    title  = {B\"uhlmann \& Hothorn},
    year   = {2007},
    url    = {https://doi.org/10.1214/07-STS242}
}

% ================= 08-im-rpf.tex =================
% \citebutton{Hiabu et al. 2023}{https://arxiv.org/abs/2012.14563}
@article{Hiabu_et_al_2023,
    title  = {Hiabu et al.},
    year   = {2023},
    url    = {https://arxiv.org/abs/2012.14563}
}
