% ================= 01-fe-regional-main.tex =================
% \citebutton{Britton (2019)}{https://arxiv.org/abs/1904.00561}
@article{Britton_2019,
    title  = {Britton},
    year   = {2019},
    url    = {https://arxiv.org/abs/1904.00561}
}

% \citebutton{Herbinger et al. (2022)}{https://proceedings.mlr.press/v151/herbinger22a.html}
@article{Herbinger_2022,
    title  = {Herbinger et al.},
    year   = {2022},
    url    = {https://proceedings.mlr.press/v151/herbinger22a.html}
}

% ================= 02-fe-regional-intImp.tex =================
% \citebutton{Lundberg et al. 2018}{https://doi.org/10.48550/arXiv.1802.03888}
@article{Lundberg_2018,
    title  = {Lundberg et al.},
    year   = {2018},
    url    = {https://doi.org/10.48550/arXiv.1802.03888}
}
